<record><leader>00000cas a22000007a 4500</leader><controlfield tag="001">19074666</controlfield><controlfield tag="008">890127d19471974mduwr ne      0    0eng d</controlfield><controlfield tag="009">8898</controlfield><datafield ind1=" " ind2=" " tag="010"><subfield code="a">sn 89060033 </subfield></datafield><datafield ind1=" " ind2=" " tag="040"><subfield code="a">MFN</subfield><subfield code="b">eng</subfield><subfield code="c">MFN</subfield><subfield code="d">DLC</subfield><subfield code="d">OCL</subfield><subfield code="d">MFN</subfield><subfield code="d">DLC</subfield><subfield code="d">OCLCQ</subfield></datafield><datafield ind1=" " ind2=" " tag="012"><subfield code="b">3</subfield></datafield><datafield ind1=" " ind2=" " tag="019"><subfield code="a">19074662</subfield><subfield code="a">19074664</subfield></datafield><datafield ind1="1" ind2=" " tag="029"><subfield code="a">AU@</subfield><subfield code="b">000026228479</subfield></datafield><datafield ind1=" " ind2=" " tag="042"><subfield code="a">msc</subfield></datafield><datafield ind1="0" ind2="0" tag="050"><subfield code="a">Newspaper</subfield></datafield><datafield ind1="0" ind2=" " tag="130"><subfield code="a">Salisbury advertiser and the Wicomico countian (Salisbury, Md. : 1947)</subfield></datafield><datafield ind1="1" ind2="0" tag="245"><subfield code="a">Salisbury advertiser and the Wicomico countian.</subfield></datafield><datafield ind1="3" ind2="0" tag="246"><subfield code="a">Salisbury advertiser</subfield></datafield><datafield ind1=" " ind2=" " tag="260"><subfield code="a">Salisbury, Md :</subfield><subfield code="b">Salisbury Advertiser Co.</subfield></datafield><datafield ind1=" " ind2=" " tag="300"><subfield code="a">v.</subfield></datafield><datafield ind1=" " ind2=" " tag="310"><subfield code="a">Weekly</subfield></datafield><datafield ind1="0" ind2=" " tag="362"><subfield code="a">Vol. 80, no. 33 (Aug. 14, 1947)-107th year, no. 26 (June 27, 1974).</subfield></datafield><datafield ind1=" " ind2=" " tag="500"><subfield code="a">Published as: Salisbury advertiser, July 18, 1957-July 10, 1958.</subfield></datafield><datafield ind1=" " ind2=" " tag="752"><subfield code="a">United States</subfield><subfield code="b">Maryland</subfield><subfield code="c">Wicomico</subfield><subfield code="d">Salisbury.</subfield></datafield><datafield ind1="0" ind2="0" tag="780"><subfield code="t">Salisbury advertiser (Salisbury, Md. : 1941)</subfield><subfield code="w">(DLC)sn 89060032</subfield></datafield><datafield ind1="0" ind2="0" tag="785"><subfield code="t">Salisbury advertiser (Salisbury, Md. : 1974)</subfield><subfield code="w">(DLC)sn 89060036</subfield></datafield></record>